% This file was created with JabRef 2.6.
% Encoding: Cp1252

% main paper
@article{11,
  title={Downscaling of GRACE-derived groundwater storage based on the random forest model},
  author={Chen, Li and He, Qisheng and Liu, Kun and Li, Jinyang and Jing, Chenlin},
  journal={Remote Sensing},
  volume={11},
  number={24},
  pages={2979},
  year={2019},
  publisher={MDPI}
}

% aux paper
@article{12,
  title={Downscaling groundwater storage data in China to a 1-km resolution using machine learning methods},
  author={Zhang, Jianxin and Liu, Kai and Wang, Ming},
  journal={Remote Sensing},
  volume={13},
  number={3},
  pages={523},
  year={2021},
  publisher={MDPI}
}

% book of ML 
@book{13,
  title={The elements of statistical learning: data mining, inference, and prediction},
  author={Hastie, Trevor and Tibshirani, Robert and Friedman, Jerome H and Friedman, Jerome H},
  volume={2},
  year={2009},
  publisher={Springer},
  pages = {305-317},
}

@book{14,
  title={An introduction to statistical learning: with applications in R},
  author={Gareth, James and Daniela, Witten and Trevor, Hastie and Robert, Tibshirani},
  year={2013},
  publisher={Spinger},
  pages = {303 - 330},
}

@article{15,
  title={Overview of terrestrial water storage changes over the Indus River Basin based on GRACE/GRACE-FO solutions},
  author={Zhu, Yu and Liu, Shiyin and Yi, Ying and Xie, Fuming and Gr{\"u}nwald, Richard and Miao, Wenfei and Wu, Kunpeng and Qi, Miaomiao and Gao, Yongpeng and Singh, Dharmaveer},
  journal={Science of The Total Environment},
  volume={799},
  pages={149366},
  year={2021},
  publisher={Elsevier}
}

@book{16,
  author = {Uwe Schulzweida},
  title = {CDO User Guide},
  publisher = {MPI for Meteorology},
  year = {2021},
  version = {2.0.5},
  pages = {303 - 330}
}

@book{17,
  title={An introduction to the bootstrap},
  author={Efron, Bradley and Tibshirani, Robert J},
  year={1994},
  publisher={CRC press}
}

@book{18,
  title={Applied predictive modeling},
  author={Kuhn, Max and Johnson, Kjell and others},
  volume={26},
  year={2013},
  publisher={Springer}
}

@book{19,
  title={Encyclopedia of machine learning},
  author={Sammut, Claude and Webb, Geoffrey I},
  year={2011},
  publisher={Springer Science \& Business Media}
}
%1
@misc{cr2,
  title = {Acerca del (CR)$^2$},
  howpublished = {\url{https://www.cr2.cl/acerca-del-cr2/}},
  note = {Visitada el 10 de julio del 2022}
} 
%2
@misc{dga,
  title = {Dirección General de Aguas},
  howpublished = {\url{https://www.mop.cl/Direccionesyareas/DireccionGeneraldeAguas/Paginas/default.aspx}},
  note = {Visitada el 10 de julio del 2022}
} 
%3
@misc{rfskl,
  title = {Random Forest sklearn},
  howpublished = {\url{https://scikit-learn.org/stable/modules/generated/sklearn.ensemble.RandomForestRegressor.html}},
  note = {Visitada el 18 de julio del 2022},
  year = {2022}
} 

@Inbook{4,
editor="Sammut, Claude
and Webb, Geoffrey I.",
title="Mean Squared Error",
bookTitle="Encyclopedia of Machine Learning",
year="2010",
publisher="Springer US",
address="Boston, MA",
pages="653--653",
isbn="978-0-387-30164-8",
doi="10.1007/978-0-387-30164-8_528",
url="https://doi.org/10.1007/978-0-387-30164-8_528"
}

@Inbook{5,
editor="Sammut, Claude
and Webb, Geoffrey I.",
title="Mean Absolute Error",
bookTitle="Encyclopedia of Machine Learning",
year="2010",
publisher="Springer US",
address="Boston, MA",
pages="652--652",
isbn="978-0-387-30164-8",
doi="10.1007/978-0-387-30164-8_525",
url="https://doi.org/10.1007/978-0-387-30164-8_525"
}

@misc{ERA5-L,
  title = {ERA5-Land dataset},
  howpublished = {\url{https://cds.climate.copernicus.eu/cdsapp#!/dataset/reanalysis-era5-land-monthly-means?tab=overview}},
  note = {Visitada el 04 de agosto del 2022},
  year={2107}
} 

@misc{ERA5-L_doc,
  title = {Documentación ERA5-Land dataset},
  howpublished = {\url{https://confluence.ecmwf.int/display/CKB/ERA5-Land%3A+data+documentation}},
  note = {Visitada el 19 de agosto del 2022},
  year={2017}
} 

@misc{pr,
  title = {CR2-met productos grillados},
  howpublished = {\url{https://www.cr2.cl/datos-productos-grillados/?cp_cr2met=3}},
  note = {Visitada el 05 de agosto del 2022},
  year={2022}
} 



@misc{gwl,
  title = {Nivel de aguas subterráneas DGA},
  howpublished = {\url{http://www.climatedatalibrary.cl/SOURCES/.Chile/.DGA/.groundwater/.Daily/.level/index.html}},
  note = {Visitada el 06 de agosto del 2022}
} 

@misc{LC,
  title = {Land Cover de Chile},
  author = {GEP},
  year = 2014,
  howpublished = {\url{http://www.gep.uchile.cl/Landcover_CHILE.html}},
  note = {Visitada el 01 de septiembre del 2022}
}

@book{20,
  title={Forecasting: principles and practice},
  author={Hyndman, Rob J and Athanasopoulos, George},
  year={2018},
  publisher={OTexts}
}

@book{21,
  title={Introduction to time series and forecasting},
  author={Brockwell, Peter J and Davis, Richard A},
  year={2002},
  publisher={Springer}
}

@article{22,
  title={Bagging predictors},
  author={Breiman, Leo},
  journal={Machine learning},
  volume={24},
  number={2},
  pages={123--140},
  year={1996},
  publisher={Springer}
}

@Inbook{6,
author="Brown, Gavin",
editor="Sammut, Claude
and Webb, Geoffrey I.",
title="Ensemble Learning",
bookTitle="Encyclopedia of Machine Learning and Data Mining",
year="2017",
publisher="Springer US",
address="Boston, MA",
pages="393--402",
isbn="978-1-4899-7687-1",
doi="10.1007/978-1-4899-7687-1_252",
url="https://doi.org/10.1007/978-1-4899-7687-1_252"
}

@article{23,
  title={GRACE Total Water Storage (TWS) Anomaly},
  author={Global Drought Observatory},
  journal={},
  year={2020},
  publisher={Joint Research Center, European Commission}
}

@manual{tws,
    author= "Joint Research Center",
    organization  = "Copernicus Europe's eyes on Earth, European Commission",
    title         = "GRACE Total Water Storage (TWS) Anomaly",
    year          =  2020,   
    note          = "Global Drought Observatory"
}

@book{24,
  title={Python machine learning: Machine learning and deep learning with Python, scikit-learn, and TensorFlow 2},
  author={Raschka, Sebastian and Mirjalili, Vahid},
  year={2019},
  publisher={Packt Publishing Ltd}
}


@article{25,
  title={Random forests},
  author={Breiman, Leo},
  journal={Machine learning},
  volume={45},
  number={1},
  pages={5--32},
  year={2001},
  publisher={Springer}
}

@book{26,
  title={The essential guide to image processing},
  author={Bovik, Alan C},
  year={2009},
  publisher={Academic Press}
}

@mastersthesis{27,
  title={Medidas de disimilitud en series temporales},
  author={Rodr{\'\i}guez Astrain, Laura Antonella},
  type={{B.S.} thesis},
  year={2017}
}

@article{28,
  title={Gobernanza del agua y desarrollo bajo el mercado: las relaciones sociales de control del agua en el marco del C{\'o}digo de Aguas de Chile},
  author={Budds, Jessica},
  journal={Investigaciones Geogr{\'a}ficas},
  number={59},
  pages={16--27},
  year={2020}
}

@article{29,
  title={Overexploitation status of groundwater and induced geological hazards in China},
  author={Huang, F and Wang, GH and Yang, YY and Wang, CB},
  journal={Natural hazards},
  volume={73},
  number={2},
  pages={727--741},
  year={2014},
  publisher={Springer}
}

@article{30,
  title={¿Es posible predecir un sismo?},
  author={Arcilla, María},
  journal={Cambio},
  pusblisher={PARKFIELD, DE},
  year={2007}
}